@BOOK {LIBRO_REDES,
    author    = "John Hertz, Anders Krogh \& Richard G. Palmer",
    title     = "Introduction to the Theory of Neural Computation",
    publisher = "Addison-Wesley Publishing Company",
    year      = "1990",
    volume    = "1"
}
@TECHREPORT {GNUMPY,
    author      = "Tijmen Tieleman",
    title       = "Gnumpy: an easy way to use GPU boards in Python",
    institution = "Department of Computer Science, University of Toronto",
    year        = "2010",
    address     = "6 Kingâ€™s College Rd, Toronto, M5S 3G4, Canada",
    month       = "jul"
}
@MISC {PHYSIONET,
    author       = "Goldberger AL, Amaral LAN, Glass L, Hausdorff JM, Ivanov PCh, Mark RG, Mietus JE, Moody GB, Peng C-K, Stanley HE. PhysioBank, PhysioToolkit, and PhysioNet",
    title        = "Components of a New Research Resource for Complex Physiologic Signals",
    howpublished = "Circulation 101(23):e215-e220",
    month        = "jun",
    year         = "2000",
    note         = "[Circulation Electronic Pages; http://circ.ahajournals.org/content/101/23/e215.full]"
}
@ONLINE {MIT-BIH,
    title = "The MIT-BIH Long Term Database",
    url   = "https://physionet.org/physiobank/database/ltdb/"
}
@ONLINE {WFDB,
    author = "Chen Xie",
    title  = "wfdb-python",
    url    = "https://github.com/MIT-LCP/wfdb-python"
}